<?xml version="1.0" encoding="UTF-8"?><record xmlns="http://www.loc.gov/MARC21/slim" xmlns:cinclude="http://apache.org/cocoon/include/1.0" xmlns:zs="http://www.loc.gov/zing/srw/">
  <leader>00408nz  a2200121n  4500</leader>
  <controlfield tag="001">n  95105326 </controlfield>
  <controlfield tag="003">DLC</controlfield>
  <controlfield tag="005">19951025094115.2</controlfield>
  <controlfield tag="008">951025n| acannaab|          |n aaa |||  </controlfield>
  <datafield tag="010" ind1=" " ind2=" ">
    <subfield code="a">n  95105326 </subfield>
  </datafield>
  <datafield tag="040" ind1=" " ind2=" ">
    <subfield code="a">DLC</subfield>
    <subfield code="c">DLC</subfield>
  </datafield>
  <datafield tag="100" ind1="1" ind2="0">
    <subfield code="a">Hamburguer, Franja</subfield>
  </datafield>
  <datafield tag="670" ind1=" " ind2=" ">
    <subfield code="a">NUCMC data from American Jewish Archives for American Jewish Archives. Brazilian Jewish oral history project, 1979-1986</subfield>
    <subfield code="b">(Franja Hamburguer, interviewee)</subfield>
  </datafield>
</record>